@inproceedings{Wang:2012:SRT:2390470.2390490,
 author = {Wang, Hao and Can, Dogan and Kazemzadeh, Abe and Bar, Fran\c{c}ois and Narayanan, Shrikanth},
 title = {A System for Real-time Twitter Sentiment Analysis of 2012 U.S. Presidential Election Cycle},
 booktitle = {Proceedings of the ACL 2012 System Demonstrations},
 series = {ACL '12},
 year = {2012},
 location = {Jeju Island, Korea},
 pages = {115--120},
 numpages = {6},
 url = {http://dl.acm.org/citation.cfm?id=2390470.2390490},
 acmid = {2390490},
 publisher = {Association for Computational Linguistics},
 address = {Stroudsburg, PA, USA},
}
@misc{Tweepy,
  author = {Tweepy},
  title = {Tweepy library for Python},
  howpublished = "\url{http://www.tweepy.org/}"
}
@misc{GMaps,
  author = {Google},
  title = {Google Maps JavaScript API},
  howpublished = "\url{https://developers.google.com/maps/documentation/javascript/}"
}
@misc{naivebayes,
  author = {Wikipedia},
  title = {Naive Bayes Classifier},
  howpublished = "\url{https://en.wikipedia.org/wiki/Naive_Bayes_classifier}"
}
@misc{d3,
  author = {D3.js},
  title = {D3.js - Data-Driven Documents},
  howpublished = "\url{https://d3js.org/}"
}
@misc{datamaps,
  author = {DataMaps},
  title = {DataMaps library for mapping},
  howpublished = "\url{http://datamaps.github.io/}"
}
@misc{flask,
  author = {Flask},
  title = {Flask Microframework for Web Applications in Python},
  howpublished = "\url{http://flask.pocoo.org/}"
}
@misc{json,
  author = {Wikipedia},
  title = {JavaScript Object Notation},
  howpublished = "\url{https://en.wikipedia.org/wiki/JSON}"
}
@misc{geocoder,
  author = {PyPi},
  title = {Python Geocoding library},
  howpublished = "\url{https://pypi.python.org/pypi/geocoder}"
}
